<?xml version="1.0" encoding="UTF-8"?><collection xmlns="http://www.loc.gov/MARC21/slim"><record><leader>00413nam--2200169-u-4500</leader><controlfield tag="001">000055640</controlfield><controlfield tag="002">20161230</controlfield><controlfield tag="005">20161230201052</controlfield><controlfield tag="008">130306s1000------------r-----000-0-eng-d</controlfield><datafield ind1=" " ind2=" " tag="040"><subfield code="a">IFIN-HH</subfield></datafield><datafield ind1=" " ind2=" " tag="080"><subfield code="a">413.232=2=4</subfield></datafield><datafield ind1="1" ind2=" " tag="100"><subfield code="a">Petit, Ch</subfield></datafield><datafield ind1="1" ind2="0" tag="245"><subfield code="a">Dictionnaire anglais francais</subfield><subfield code="c">Ch. petit</subfield></datafield><datafield ind1=" " ind2=" " tag="260"><subfield code="a">Paris</subfield><subfield code="b">Librairie Hachette</subfield><subfield code="c">1934</subfield></datafield><datafield ind1=" " ind2=" " tag="300"><subfield code="a">1272P</subfield></datafield><datafield ind1=" " ind2=" " tag="852"><subfield code="a">D.72</subfield></datafield><datafield ind1=" " ind2=" " tag="CAT"><subfield code="a">Sys</subfield><subfield code="c">20130306</subfield><subfield code="h">134117</subfield></datafield></record></collection>